@mastersthesis{memes_reservoir,
  author   = {Karel Němeček},
  school   = {Masaryk University},
  title    = {Internet memes as reservoirs of meaning:
              Interpreting the Doomer},
  year     = {2020},
  keywords = {Sociology},
  type     = {Bachelor's Thesis}
}

@mastersthesis{ward_loneliness_undergrad,
  author = {Leah Ward},
  school = {National College of Ireland},
  title  = {Loneliness in Undergraduate Students: Causes of Social and Emotional Loneliness},
  year   = {2022},
  type   = {Bachelor's Thesis}
}

@article{fardghassemi_interviews,
  author  = {Sam Fardghassemi, Hélène Joffe},
  journal = {PLOS ONE},
  number  = {4},
  title   = {The causes of loneliness: The perspective of
             young adults in London’s most deprived areas},
  volume  = {17},
  year    = {2022},
  doi     = {https://doi.org/10.1371/journal.pone.0264638 }
}

@article{twitter_loneliness,
  author  = {Sharath Chandra Guntuku and Rachelle Schneider and Arthur Pelullo and Jami Young and Vivien Wong and Lyle Ungar and Daniel Polsky and Kevin G Volpp and Raina Merchant},
  journal = {BMJ},
  number  = {9},
  title   = {Studying expressions of loneliness in individuals using Twitter: an observational study},
  volume  = {},
  year    = {2019},
  doi     = {}
}

@article{var_stigma_lone,
  author  = {Manuela Barreto and Jolien van Breen and Christina Victor and Claudia Hammond and Alice Eccles4 and Matthew T Richins and Pamela Qualter},
  journal = {Journal of Social and Personal Relationships},
  number  = {9},
  title   = {Exploring the nature and variation of the stigma associated with loneliness},
  volume  = {39},
  year    = {2022}
}

@misc{cigna_2018,
  type         = {Suvery},
  author       = {Cigna},
  howpublished = {print},
  title        = {Cigna U.S. Loneliness Index. Survey of 20,000 Americans examining behaviors driving loneliness in the United States},
  year         = {2018}
}

@misc{stats_can_2021,
  type         = {Survery},
  author       = {Statistics Canada},
  howpublished = {},
  title        = {Canadian Social Survey: Loneliness in Canada},
  year         = {2021}
}

 @article{buecker_horstmann_2021,
  title   = {Loneliness and social isolation during the COVID-19 pandemic},
  volume  = {26},
  doi     = {10.1027/1016-9040/a000453},
  number  = {4},
  journal = {European Psychologist},
  author  = {Buecker, Susanne and Horstmann, Kai T.},
  year    = {2021},
  pages   = {272–284}
} 
 @article{entringer_gosling_2021,
  title   = {Loneliness during a nationwide lockdown and the moderating effect of extroversion},
  volume  = {13},
  doi     = {10.1177/19485506211037871},
  number  = {3},
  journal = {Social Psychological and Personality Science},
  author  = {Entringer, Theresa M. and Gosling, Samuel D.},
  year    = {2021},
  pages   = {769–780}
} 
 @article{haslam_haslam_cruwys_jetten_bentley_fong_steffens_2022,
  title   = {Social Identity Makes Group-based social connection possible: Implications for loneliness and mental health},
  volume  = {43},
  doi     = {10.1016/j.copsyc.2021.07.013},
  journal = {Current Opinion in Psychology},
  author  = {Haslam, S.Alexander and Haslam, Catherine and Cruwys, Tegan and Jetten, Jolanda and Bentley, Sarah V. and Fong, Polly and Steffens, Niklas K.},
  year    = {2022},
  pages   = {161–165}
} 

 @article{hawkley_buecker_kaiser_luhmann_2020,
  title   = {Loneliness from young adulthood to old age: Explaining age differences in loneliness},
  volume  = {46},
  doi     = {10.1177/0165025420971048},
  number  = {1},
  journal = {International Journal of Behavioral Development},
  author  = {Hawkley, Louise C. and Buecker, Susanne and Kaiser, Till and Luhmann, Maike},
  year    = {2020},
  pages   = {39–49}
} 

 @article{peng_roth_2021,
  title   = {Social isolation and loneliness before and during the covid-19 pandemic: A longitudinal study of U.S. adults older than 50},
  volume  = {77},
  doi     = {10.1093/geronb/gbab068},
  number  = {7},
  journal = {The Journals of Gerontology: Series B},
  author  = {Peng, Siyun and Roth, Adam R},
  year    = {2021}
} 

 @article{pinquart_sörensen_2003,
  title   = {Risk factors for loneliness in adulthood and old age:A meta-analysis},
  volume  = {23},
  journal = {Basic and Applied Social Psychology},
  author  = {Pinquart, Martin and Sörensen, Silvia},
  year    = {2003},
  month   = {Jan},
  pages   = {245–266}
} 

 @article{victor_yang_2012,
  title   = {The prevalence of loneliness among adults: A case study of the united kingdom},
  volume  = {146},
  doi     = {10.1080/00223980.2011.613875},
  number  = {1-2},
  journal = {The Journal of Psychology},
  author  = {Victor, Christina R. and Yang, Keming},
  year    = {2012},
  pages   = {85–104}
} 

  @article{von_soest_luhmann_gerstorf_2020,
  title   = {The development of loneliness through adolescence and young adulthood: Its nature, correlates, and midlife outcomes.},
  volume  = {56},
  doi     = {10.1037/dev0001102},
  number  = {10},
  journal = {Developmental Psychology},
  author  = {von Soest, Tilmann and Luhmann, Maike and Gerstorf, Denis},
  year    = {2020},
  pages   = {1919–1934}
} 

 @misc{bbc_radio4_2018,
  title     = {The Anatomy of Loneliness - Who feels lonely? the results of the world's largest loneliness study},
  url       = {https://www.bbc.co.uk/programmes/articles/2yzhfv4DvqVp5nZyxBD8G23/who-feels-lonely-the-results-of-the-world-s-largest-loneliness-study},
  journal   = {BBC Radio 4},
  publisher = {BBC},
  year      = {2018}
} 

 @misc{cigna_newsroom_2021,
  title   = {The loneliness epidemic persists: A post-pandemic look at the state of loneliness among U.S. adults},
  url     = {https://newsroom.cigna.com/loneliness-epidemic-persists-post-pandemic-look},
  journal = {Cigna Newsroom},
  year    = {2021},
  month   = {Dec}
} 

 @misc{yougov_lonely_2019,
  title     = {Who are the most lonely people in the UK?},
  url       = {https://yougov.co.uk/topics/society/articles-reports/2019/10/03/young-britons-are-most-lonely},
  journal   = {YouGov},
  publisher = {YouGov},
  author    = {Ibbetson, Connor},
  year      = {2019},
  month     = {Sep}
} 

 @book{salganik_2019,
  place     = {Princeton, New York},
  title     = {Bit by bit: Social research in the Digital age},
  publisher = {Princeton University Press},
  author    = {Salganik, Matthew J.},
  year      = {2019}
} 

@article{andy_2021,
  title   = {Studying how individuals who express the feeling of loneliness in an online loneliness forum communicate in a nonloneliness forum: Observational study},
  volume  = {5},
  doi     = {10.2196/28738},
  number  = {7},
  journal = {JMIR Formative Research},
  author  = {Andy, Anietie},
  year    = {2021}
} 
 @article{mazuz_yom-tov_2020,
  title   = {Analyzing trends of loneliness through large-scale analysis of social media postings: Observational study},
  volume  = {7},
  doi     = {10.2196/17188},
  number  = {4},
  journal = {JMIR Mental Health},
  author  = {Mazuz, Keren and Yom-Tov, Elad},
  year    = {2020}
}

 @misc{meat_cons,
  title     = {Meat consumption: Which are the current global risks? A review of recent (2010-2020) evidences},
  url       = {https://www.ncbi.nlm.nih.gov/pmc/articles/PMC7256495/},
  journal   = {Food research international (Ottawa, Ont.)},
  publisher = {U.S. National Library of Medicine},
  author    = {González, Neus and Marquès, Montse and Nadal, Martí and Domingo, José L},
  year      = {2020},
  month     = {Nov}
} 
 @misc{meat_cons_2022,
  title   = {Meat Consumption Facts, stats and trends},
  url     = {https://www.redefinemeat.com/blog/meat-consumption/},
  journal = {Redefine Meat},
  year    = {2022},
  month   = {Oct}
} 
 @misc{meat_cons_canada,
  title   = {Meat consumption per capita Canada 2021},
  url     = {https://www.statista.com/statistics/442461/per-capita-meat-consumption-by-type-canada/},
  journal = {Statista},
  author  = {Shahbandeh, M.},
  year    = {2022},
  month   = {Aug}
}  